<record><leader>00000cas a22000007a 4500</leader><controlfield tag="001">17415349</controlfield><controlfield tag="008">880201d18811882ohuwr ne      0    0eng d</controlfield><datafield ind1=" " ind2=" " tag="010"><subfield code="a">sn 88078231 </subfield></datafield><datafield ind1=" " ind2=" " tag="040"><subfield code="a">ONP</subfield><subfield code="b">eng</subfield><subfield code="c">ONP</subfield><subfield code="d">OCLCQ</subfield></datafield><datafield ind1=" " ind2=" " tag="042"><subfield code="a">msc</subfield></datafield><datafield ind1="0" ind2=" " tag="130"><subfield code="a">Democratic standard (Coshocton, Ohio : 1881)</subfield></datafield><datafield ind1="1" ind2="0" tag="245"><subfield code="a">Democratic standard.</subfield></datafield><datafield ind1=" " ind2=" " tag="260"><subfield code="a">Coshocton, Ohio :</subfield><subfield code="b">H.D. Beach</subfield></datafield><datafield ind1=" " ind2=" " tag="310"><subfield code="a">Weekly</subfield></datafield><datafield ind1="1" ind2=" " tag="362"><subfield code="a">Began with Oct. 1, 1881 issue; ceased in Mar. 1882.</subfield></datafield><datafield ind1=" " ind2=" " tag="588"><subfield code="a">Description based on: Vol. 1, no. 15 (Jan. 7, 1882).</subfield></datafield><datafield ind1=" " ind2=" " tag="752"><subfield code="a">United States</subfield><subfield code="b">Ohio</subfield><subfield code="c">Coshocton</subfield><subfield code="d">Coshocton.</subfield></datafield><datafield ind1="0" ind2="7" tag="785"><subfield code="t">Coshocton County commonwealth</subfield><subfield code="w">(DLC)sn 88078229</subfield></datafield><datafield ind1="0" ind2="7" tag="785"><subfield code="t">Democratic standard-commonwealth (Coshocton, Ohio)</subfield><subfield code="w">(DLC)sn 88078230</subfield></datafield></record>